%% This BibTeX bibliography file was created using BibDesk.
%% http://bibdesk.sourceforge.net/

%% Created for Molly at 2017-08-30 16:08:54 -0500 


%% Saved with string encoding Unicode (UTF-8) 



@article{lewis2016understanding,
	Author = {Lewis, Molly L and Frank, Michael C},
	Date-Added = {2017-08-30 21:01:45 +0000},
	Date-Modified = {2017-08-30 21:01:45 +0000},
	Journal = {Journal of Experimental Psychology: General},
	Number = {9},
	Pages = {e72--e80},
	Repository = {https://github.com/mllewis/xtSamp},
	Title = {Understanding the effect of social context on learning: A replication of Xu and Tenenbaum (2007b)},
	Volume = {145},
	Year = {2016}}

@article{lawson2017influence,
	Author = {Lawson, Chris A},
	Date-Added = {2017-08-30 20:53:17 +0000},
	Date-Modified = {2017-08-30 21:08:33 +0000},
	Journal = {Journal of Cognition and Development},
	Publisher = {Taylor \& Francis},
	Title = {The influence of task dynamics on inductive generalizations: How sequential and simultaneous presentation of evidence impact the strength and scope of property projections},
	Year = {2017}}

@article{lawson2014three,
	Author = {Lawson, Chris A},
	Date-Added = {2017-08-30 20:52:43 +0000},
	Date-Modified = {2017-08-30 21:08:47 +0000},
	Journal = {Journal of experimental child psychology},
	Pages = {147--154},
	Publisher = {Elsevier},
	Title = {Three-year-olds obey the sample size principle of induction: The influence of evidence presentation and sample size disparity on young childrens generalizations},
	Volume = {123},
	Year = {2014}}

@article{xu2007word,
	Author = {Xu, F. and Tenenbaum, J.},
	Date-Added = {2017-08-17 20:10:29 +0000},
	Date-Modified = {2017-08-17 20:10:29 +0000},
	Journal = {Psychological Review},
	Keywords = {word learning, Bayesian model},
	Number = {2},
	Pages = {245},
	Publisher = {American Psychological Association},
	Title = {Word learning as {B}ayesian inference.},
	Volume = {114},
	Year = {2007},
	Bdsk-File-1 = {YnBsaXN0MDDUAQIDBAUGJCVYJHZlcnNpb25YJG9iamVjdHNZJGFyY2hpdmVyVCR0b3ASAAGGoKgHCBMUFRYaIVUkbnVsbNMJCgsMDxJXTlMua2V5c1pOUy5vYmplY3RzViRjbGFzc6INDoACgAOiEBGABIAFgAdccmVsYXRpdmVQYXRoWWFsaWFzRGF0YV8QZi4uLy4uLy4uLy4uLy4uL0FwcGxpY2F0aW9ucy9Ob3RhdGlvbmFsIFZlbG9jaXR5LmFwcC9Db250ZW50cy9SZXNvdXJjZXMvRW5nbGlzaC5scHJvai9TYXZlZFNlYXJjaGVzLm5pYtIXCxgZV05TLmRhdGFPEQHyAAAAAAHyAAIAAAxNYWNpbnRvc2ggSEQAAAAAAAAAAAAAAAAAAADL4UdwSCsAAAAIlXoRU2F2ZWRTZWFyY2hlcy5uaWIAAAAAAAAAAAAAAAAAAAAAAAAAAAAAAAAAAAAAAAAAAAAAAAAAAAAAAAAAAAAAAAiVj8m6lJQAAAAAAAAAAAAFAAYAAAkgAAAAAAAAAAAAAAAAAAAADUVuZ2xpc2gubHByb2oAABAACAAAy+Gp4AAAABEACAAAybr3BAAAAAEAFAAIlXoACJVrAAiUtQAIlJwJL5BBAAIAaU1hY2ludG9zaCBIRDpBcHBsaWNhdGlvbnM6AE5vdGF0aW9uYWwgVmVsb2NpdHkuYXBwOgBDb250ZW50czoAUmVzb3VyY2VzOgBFbmdsaXNoLmxwcm9qOgBTYXZlZFNlYXJjaGVzLm5pYgAADgAkABEAUwBhAHYAZQBkAFMAZQBhAHIAYwBoAGUAcwAuAG4AaQBiAA8AGgAMAE0AYQBjAGkAbgB0AG8AcwBoACAASABEABIAV0FwcGxpY2F0aW9ucy9Ob3RhdGlvbmFsIFZlbG9jaXR5LmFwcC9Db250ZW50cy9SZXNvdXJjZXMvRW5nbGlzaC5scHJvai9TYXZlZFNlYXJjaGVzLm5pYgAAEwABLwD//wAAgAbSGxwdHlokY2xhc3NuYW1lWCRjbGFzc2VzXU5TTXV0YWJsZURhdGGjHR8gVk5TRGF0YVhOU09iamVjdNIbHCIjXE5TRGljdGlvbmFyeaIiIF8QD05TS2V5ZWRBcmNoaXZlctEmJ1Ryb290gAEACAARABoAIwAtADIANwBAAEYATQBVAGAAZwBqAGwAbgBxAHMAdQB3AIQAjgD3APwBBAL6AvwDAQMMAxUDIwMnAy4DNwM8A0kDTANeA2EDZgAAAAAAAAIBAAAAAAAAACgAAAAAAAAAAAAAAAAAAANo}}

@article{xu2007,
	Author = {Fei Xu and Joshua B. Tenenbaum},
	Date-Added = {2017-08-17 20:10:29 +0000},
	Date-Modified = {2017-08-17 20:10:29 +0000},
	Journal = {Developmental Science},
	Keywords = {sampling, Bayesian model, word learning},
	Number = {3},
	Pages = {288-297},
	Title = {Sensitivity to sampling in {B}ayesian word learning},
	Volume = {10},
	Year = {2007},
	Bdsk-File-1 = {YnBsaXN0MDDUAQIDBAUGJCVYJHZlcnNpb25YJG9iamVjdHNZJGFyY2hpdmVyVCR0b3ASAAGGoKgHCBMUFRYaIVUkbnVsbNMJCgsMDxJXTlMua2V5c1pOUy5vYmplY3RzViRjbGFzc6INDoACgAOiEBGABIAFgAdccmVsYXRpdmVQYXRoWWFsaWFzRGF0YW8QbQAuAC4ALwAuAC4ALwAuAC4ALwAuAC4ALwAuAC4ALwBBAHAAcABsAGkAYwBhAHQAaQBvAG4AcwAvAE4AbwB0AGEAdABpAG8AbgBhAGwAIABWAGUAbABvAGMAaQB0AHkALgBhAHAAcAAvAEMAbwBuAHQAZQBuAHQAcwAvAFIAZQBzAG8AdQByAGMAZQBzAC8ARgByAGUAbgBjAGgALgBsAHAAcgBvAGoALwBDAG8AbQBtAGUAbgB0ACAAYwMnAGEAIABtAGEAcgBjAGgAZQAuAG4AdgBoAGUAbABw0hcLGBlXTlMuZGF0YU8RAg4AAAAAAg4AAgAADE1hY2ludG9zaCBIRAAAAAAAAAAAAAAAAAAAAMvhR3BIKwAAAAiVlBhDb21tZW50II1hIG1hcmNoZS5udmhlbHAAAAAAAAAAAAAAAAAAAAAAAAAAAAAAAAAAAAAAAAAAAAAAAAAAAAAACJWYybqUmgAAAAAAAAAAAAUABgAACSAAAAAAAAAAAAAAAAAAAAAMRnJlbmNoLmxwcm9qABAACAAAy+Gp4AAAABEACAAAybr3CgAAAAEAFAAIlZQACJVrAAiUtQAIlJwJL5BBAAIAb01hY2ludG9zaCBIRDpBcHBsaWNhdGlvbnM6AE5vdGF0aW9uYWwgVmVsb2NpdHkuYXBwOgBDb250ZW50czoAUmVzb3VyY2VzOgBGcmVuY2gubHByb2o6AENvbW1lbnQgjWEgbWFyY2hlLm52aGVscAAADgA0ABkAQwBvAG0AbQBlAG4AdAAgAGMDJwBhACAAbQBhAHIAYwBoAGUALgBuAHYAaABlAGwAcAAPABoADABNAGEAYwBpAG4AdABvAHMAaAAgAEgARAASAF9BcHBsaWNhdGlvbnMvTm90YXRpb25hbCBWZWxvY2l0eS5hcHAvQ29udGVudHMvUmVzb3VyY2VzL0ZyZW5jaC5scHJvai9Db21tZW50IGPMp2EgbWFyY2hlLm52aGVscAAAEwABLwD//wAAgAbSGxwdHlokY2xhc3NuYW1lWCRjbGFzc2VzXU5TTXV0YWJsZURhdGGjHR8gVk5TRGF0YVhOU09iamVjdNIbHCIjXE5TRGljdGlvbmFyeaIiIF8QD05TS2V5ZWRBcmNoaXZlctEmJ1Ryb290gAEACAARABoAIwAtADIANwBAAEYATQBVAGAAZwBqAGwAbgBxAHMAdQB3AIQAjgFrAXABeAOKA4wDkQOcA6UDswO3A74DxwPMA9kD3APuA/ED9gAAAAAAAAIBAAAAAAAAACgAAAAAAAAAAAAAAAAAAAP4},
	Bdsk-File-2 = {YnBsaXN0MDDUAQIDBAUGJCVYJHZlcnNpb25YJG9iamVjdHNZJGFyY2hpdmVyVCR0b3ASAAGGoKgHCBMUFRYaIVUkbnVsbNMJCgsMDxJXTlMua2V5c1pOUy5vYmplY3RzViRjbGFzc6INDoACgAOiEBGABIAFgAdccmVsYXRpdmVQYXRoWWFsaWFzRGF0YV8QNS4uLy4uLy4uL1BhcGVycy9OT1RFUy9YdSBhbmQgVGVuZW5iYXVtIDIwMDcgbm90ZXMudHh00hcLGBlXTlMuZGF0YU8RAgIAAAAAAgIAAgAADE1hY2ludG9zaCBIRAAAAAAAAAAAAAAAAAAAANSbip1IKwAAABYWyR9YdSBhbmQgVGVuZW5iYXVtIDIwMDcgbm90ZXMudHh0AAAAAAAAAAAAAAAAAAAAAAAAAAAAAAAAAAAAAAAAAAAAFhcOyrpsVwAAAAAAAAAAAAMAAwAACSAAAAAAAAAAAAAAAAAAAAAFTk9URVMAABAACAAA1Jve/QAAABEACAAAyrqypwAAAAEAGAAWFskAFg+6ABX5iAAV7p4ACac5AAZiNgACAGNNYWNpbnRvc2ggSEQ6VXNlcnM6AG1vbGx5bGV3aXM6AERvY3VtZW50czoAcmVzZWFyY2g6AFBhcGVyczoATk9URVM6AFh1IGFuZCBUZW5lbmJhdW0gMjAwNyBub3Rlcy50eHQAAA4AQAAfAFgAdQAgAGEAbgBkACAAVABlAG4AZQBuAGIAYQB1AG0AIAAyADAAMAA3ACAAbgBvAHQAZQBzAC4AdAB4AHQADwAaAAwATQBhAGMAaQBuAHQAbwBzAGgAIABIAEQAEgBQVXNlcnMvbW9sbHlsZXdpcy9Eb2N1bWVudHMvcmVzZWFyY2gvUGFwZXJzL05PVEVTL1h1IGFuZCBUZW5lbmJhdW0gMjAwNyBub3Rlcy50eHQAEwABLwAAFQACABH//wAAgAbSGxwdHlokY2xhc3NuYW1lWCRjbGFzc2VzXU5TTXV0YWJsZURhdGGjHR8gVk5TRGF0YVhOU09iamVjdNIbHCIjXE5TRGljdGlvbmFyeaIiIF8QD05TS2V5ZWRBcmNoaXZlctEmJ1Ryb290gAEACAARABoAIwAtADIANwBAAEYATQBVAGAAZwBqAGwAbgBxAHMAdQB3AIQAjgDGAMsA0wLZAtsC4ALrAvQDAgMGAw0DFgMbAygDKwM9A0ADRQAAAAAAAAIBAAAAAAAAACgAAAAAAAAAAAAAAAAAAANH}}

@article{spencer2011learning,
	Author = {Spencer, John P and Perone, Sammy and Smith, Linda B and Samuelson, Larissa K},
	Date-Added = {2017-08-17 20:09:44 +0000},
	Date-Modified = {2017-08-17 20:09:44 +0000},
	Journal = {Psychological science},
	Number = {8},
	Pages = {1049--1057},
	Publisher = {Sage Publications Sage CA: Los Angeles, CA},
	Title = {Learning words in space and time: Probing the mechanisms behind the suspicious-coincidence effect},
	Volume = {22},
	Year = {2011}}

@manual{R-base,
	Address = {Vienna, Austria},
	Author = {{R Core Team}},
	Organization = {R Foundation for Statistical Computing},
	Title = {R: A Language and Environment for Statistical Computing},
	Url = {https://www.R-project.org/},
	Year = {2017},
	Bdsk-Url-1 = {https://www.R-project.org/}}

@manual{R-bindrcpp,
	Author = {Kirill M{\"u}ller},
	Note = {R package version 0.2},
	Title = {bindrcpp: An 'Rcpp' Interface to Active Bindings},
	Url = {https://CRAN.R-project.org/package=bindrcpp},
	Year = {2017},
	Bdsk-Url-1 = {https://CRAN.R-project.org/package=bindrcpp}}

@manual{R-broom,
	Author = {David Robinson},
	Note = {R package version 0.4.2},
	Title = {broom: Convert Statistical Analysis Objects into Tidy Data Frames},
	Url = {https://CRAN.R-project.org/package=broom},
	Year = {2017},
	Bdsk-Url-1 = {https://CRAN.R-project.org/package=broom}}

@manual{R-compute.es,
	Author = {A. C. Del Re},
	Journal = {R Package},
	Title = {compute.es: Compute Effect Sizes},
	Url = {http://cran.r-project.org/web/packages/compute.es},
	Year = {2013},
	Bdsk-Url-1 = {http://cran.r-project.org/web/packages/compute.es}}

@manual{R-dplyr,
	Author = {Hadley Wickham and Romain Francois and Lionel Henry and Kirill M{\"u}ller},
	Note = {R package version 0.7.2},
	Title = {dplyr: A Grammar of Data Manipulation},
	Url = {https://CRAN.R-project.org/package=dplyr},
	Year = {2017},
	Bdsk-Url-1 = {https://CRAN.R-project.org/package=dplyr}}

@manual{R-forcats,
	Author = {Hadley Wickham},
	Note = {R package version 0.2.0},
	Title = {forcats: Tools for Working with Categorical Variables (Factors)},
	Url = {https://CRAN.R-project.org/package=forcats},
	Year = {2017},
	Bdsk-Url-1 = {https://CRAN.R-project.org/package=forcats}}

@book{R-ggplot2,
	Author = {Hadley Wickham},
	Isbn = {978-0-387-98140-6},
	Publisher = {Springer-Verlag New York},
	Title = {ggplot2: Elegant Graphics for Data Analysis},
	Url = {http://ggplot2.org},
	Year = {2009},
	Bdsk-Url-1 = {http://ggplot2.org}}

@article{R-jsonlite,
	Author = {Jeroen Ooms},
	Journal = {arXiv:1403.2805 [stat.CO]},
	Title = {The jsonlite Package: A Practical and Consistent Mapping Between JSON Data and R Objects},
	Url = {https://arxiv.org/abs/1403.2805},
	Year = {2014},
	Bdsk-Url-1 = {https://arxiv.org/abs/1403.2805}}

@book{R-knitr,
	Address = {Boca Raton, Florida},
	Author = {Yihui Xie},
	Edition = {2nd},
	Note = {ISBN 978-1498716963},
	Publisher = {Chapman and Hall/CRC},
	Title = {Dynamic Documents with {R} and knitr},
	Url = {https://yihui.name/knitr/},
	Year = {2015},
	Bdsk-Url-1 = {https://yihui.name/knitr/}}

@manual{R-langcog,
	Author = {Mika Braginsky and Dan Yurovsky and Michael Frank},
	Note = {R package version 0.1.9001},
	Title = {langcog: Language and Cognition Lab Things},
	Url = {http://github.com/langcog/langcog},
	Bdsk-Url-1 = {http://github.com/langcog/langcog}}

@manual{R-Matrix,
	Author = {Douglas Bates and Martin Maechler},
	Note = {R package version 1.2-10},
	Title = {Matrix: Sparse and Dense Matrix Classes and Methods},
	Url = {https://CRAN.R-project.org/package=Matrix},
	Year = {2017},
	Bdsk-Url-1 = {https://CRAN.R-project.org/package=Matrix}}

@article{R-metafor,
	Author = {Wolfgang Viechtbauer},
	Journal = {Journal of Statistical Software},
	Number = {3},
	Pages = {1--48},
	Title = {Conducting meta-analyses in {R} with the {metafor} package},
	Url = {http://www.jstatsoft.org/v36/i03/},
	Volume = {36},
	Year = {2010},
	Bdsk-Url-1 = {http://www.jstatsoft.org/v36/i03/}}

@manual{R-papaja,
	Author = {Frederik Aust and Marius Barth},
	Note = {R package version 0.1.0.9492},
	Title = {{papaja}: {Create} {APA} manuscripts with {R Markdown}},
	Url = {https://github.com/crsh/papaja},
	Year = {2017},
	Bdsk-Url-1 = {https://github.com/crsh/papaja}}

@manual{R-png,
	Author = {Simon Urbanek},
	Note = {R package version 0.1-7},
	Title = {png: Read and write PNG images},
	Url = {https://CRAN.R-project.org/package=png},
	Year = {2013},
	Bdsk-Url-1 = {https://CRAN.R-project.org/package=png}}

@manual{R-purrr,
	Author = {Lionel Henry and Hadley Wickham},
	Note = {R package version 0.2.3},
	Title = {purrr: Functional Programming Tools},
	Url = {https://CRAN.R-project.org/package=purrr},
	Year = {2017},
	Bdsk-Url-1 = {https://CRAN.R-project.org/package=purrr}}

@manual{R-readr,
	Author = {Hadley Wickham and Jim Hester and Romain Francois},
	Note = {R package version 1.1.1},
	Title = {readr: Read Rectangular Text Data},
	Url = {https://CRAN.R-project.org/package=readr},
	Year = {2017},
	Bdsk-Url-1 = {https://CRAN.R-project.org/package=readr}}

@manual{R-rmarkdown,
	Author = {JJ Allaire and Joe Cheng and Yihui Xie and Jonathan McPherson and Winston Chang and Jeff Allen and Hadley Wickham and Aron Atkins and Rob Hyndman and Ruben Arslan},
	Note = {R package version 1.6},
	Title = {rmarkdown: Dynamic Documents for R},
	Url = {https://CRAN.R-project.org/package=rmarkdown},
	Year = {2017},
	Bdsk-Url-1 = {https://CRAN.R-project.org/package=rmarkdown}}

@manual{R-stringr,
	Author = {Hadley Wickham},
	Note = {R package version 1.2.0},
	Title = {stringr: Simple, Consistent Wrappers for Common String Operations},
	Url = {https://CRAN.R-project.org/package=stringr},
	Year = {2017},
	Bdsk-Url-1 = {https://CRAN.R-project.org/package=stringr}}

@manual{R-tibble,
	Author = {Kirill M{\"u}ller and Hadley Wickham},
	Note = {R package version 1.3.3},
	Title = {tibble: Simple Data Frames},
	Url = {https://CRAN.R-project.org/package=tibble},
	Year = {2017},
	Bdsk-Url-1 = {https://CRAN.R-project.org/package=tibble}}

@manual{R-tidyr,
	Author = {Hadley Wickham},
	Note = {R package version 0.6.3},
	Title = {tidyr: Easily Tidy Data with 'spread()' and 'gather()' Functions},
	Url = {https://CRAN.R-project.org/package=tidyr},
	Year = {2017},
	Bdsk-Url-1 = {https://CRAN.R-project.org/package=tidyr}}

@manual{R-tidyverse,
	Author = {Hadley Wickham},
	Note = {R package version 1.1.1},
	Title = {tidyverse: Easily Install and Load 'Tidyverse' Packages},
	Url = {https://CRAN.R-project.org/package=tidyverse},
	Year = {2017},
	Bdsk-Url-1 = {https://CRAN.R-project.org/package=tidyverse}}

@manual{R-kableExtra,
	Author = {Hao Zhu},
	Note = {R package version 0.4.0},
	Title = {kableExtra: Construct Complex Table with 'kable' and Pipe Syntax},
	Url = {https://CRAN.R-project.org/package=kableExtra},
	Year = {2017},
	Bdsk-Url-1 = {https://CRAN.R-project.org/package=kableExtra}}
