%% This BibTeX bibliography file was created using BibDesk.
%% http://bibdesk.sourceforge.net/

%% Created for Molly at 2017-08-17 13:10:43 -0700 


%% Saved with string encoding Unicode (UTF-8) 



@article{xu2007word,
	Author = {Xu, F. and Tenenbaum, J.},
	Date-Added = {2017-08-17 20:10:29 +0000},
	Date-Modified = {2017-08-17 20:10:29 +0000},
	Journal = {Psychological Review},
	Keywords = {word learning, Bayesian model},
	Number = {2},
	Pages = {245},
	Publisher = {American Psychological Association},
	Title = {Word learning as {B}ayesian inference.},
	Volume = {114},
	Year = {2007},
	Bdsk-File-1 = {YnBsaXN0MDDUAQIDBAUGJCVYJHZlcnNpb25YJG9iamVjdHNZJGFyY2hpdmVyVCR0b3ASAAGGoKgHCBMUFRYaIVUkbnVsbNMJCgsMDxJXTlMua2V5c1pOUy5vYmplY3RzViRjbGFzc6INDoACgAOiEBGABIAFgAdccmVsYXRpdmVQYXRoWWFsaWFzRGF0YV8QZi4uLy4uLy4uLy4uLy4uL0FwcGxpY2F0aW9ucy9Ob3RhdGlvbmFsIFZlbG9jaXR5LmFwcC9Db250ZW50cy9SZXNvdXJjZXMvRW5nbGlzaC5scHJvai9TYXZlZFNlYXJjaGVzLm5pYtIXCxgZV05TLmRhdGFPEQHyAAAAAAHyAAIAAAxNYWNpbnRvc2ggSEQAAAAAAAAAAAAAAAAAAADL4UdwSCsAAAAIlXoRU2F2ZWRTZWFyY2hlcy5uaWIAAAAAAAAAAAAAAAAAAAAAAAAAAAAAAAAAAAAAAAAAAAAAAAAAAAAAAAAAAAAAAAiVj8m6lJQAAAAAAAAAAAAFAAYAAAkgAAAAAAAAAAAAAAAAAAAADUVuZ2xpc2gubHByb2oAABAACAAAy+Gp4AAAABEACAAAybr3BAAAAAEAFAAIlXoACJVrAAiUtQAIlJwJL5BBAAIAaU1hY2ludG9zaCBIRDpBcHBsaWNhdGlvbnM6AE5vdGF0aW9uYWwgVmVsb2NpdHkuYXBwOgBDb250ZW50czoAUmVzb3VyY2VzOgBFbmdsaXNoLmxwcm9qOgBTYXZlZFNlYXJjaGVzLm5pYgAADgAkABEAUwBhAHYAZQBkAFMAZQBhAHIAYwBoAGUAcwAuAG4AaQBiAA8AGgAMAE0AYQBjAGkAbgB0AG8AcwBoACAASABEABIAV0FwcGxpY2F0aW9ucy9Ob3RhdGlvbmFsIFZlbG9jaXR5LmFwcC9Db250ZW50cy9SZXNvdXJjZXMvRW5nbGlzaC5scHJvai9TYXZlZFNlYXJjaGVzLm5pYgAAEwABLwD//wAAgAbSGxwdHlokY2xhc3NuYW1lWCRjbGFzc2VzXU5TTXV0YWJsZURhdGGjHR8gVk5TRGF0YVhOU09iamVjdNIbHCIjXE5TRGljdGlvbmFyeaIiIF8QD05TS2V5ZWRBcmNoaXZlctEmJ1Ryb290gAEACAARABoAIwAtADIANwBAAEYATQBVAGAAZwBqAGwAbgBxAHMAdQB3AIQAjgD3APwBBAL6AvwDAQMMAxUDIwMnAy4DNwM8A0kDTANeA2EDZgAAAAAAAAIBAAAAAAAAACgAAAAAAAAAAAAAAAAAAANo}}

@article{xu2007,
	Author = {Fei Xu and Joshua B. Tenenbaum},
	Date-Added = {2017-08-17 20:10:29 +0000},
	Date-Modified = {2017-08-17 20:10:29 +0000},
	Journal = {Developmental Science},
	Keywords = {sampling, Bayesian model, word learning},
	Number = {3},
	Pages = {288-297},
	Title = {Sensitivity to sampling in {B}ayesian word learning},
	Volume = {10},
	Year = {2007},
	Bdsk-File-1 = {YnBsaXN0MDDUAQIDBAUGJCVYJHZlcnNpb25YJG9iamVjdHNZJGFyY2hpdmVyVCR0b3ASAAGGoKgHCBMUFRYaIVUkbnVsbNMJCgsMDxJXTlMua2V5c1pOUy5vYmplY3RzViRjbGFzc6INDoACgAOiEBGABIAFgAdccmVsYXRpdmVQYXRoWWFsaWFzRGF0YW8QbQAuAC4ALwAuAC4ALwAuAC4ALwAuAC4ALwAuAC4ALwBBAHAAcABsAGkAYwBhAHQAaQBvAG4AcwAvAE4AbwB0AGEAdABpAG8AbgBhAGwAIABWAGUAbABvAGMAaQB0AHkALgBhAHAAcAAvAEMAbwBuAHQAZQBuAHQAcwAvAFIAZQBzAG8AdQByAGMAZQBzAC8ARgByAGUAbgBjAGgALgBsAHAAcgBvAGoALwBDAG8AbQBtAGUAbgB0ACAAYwMnAGEAIABtAGEAcgBjAGgAZQAuAG4AdgBoAGUAbABw0hcLGBlXTlMuZGF0YU8RAg4AAAAAAg4AAgAADE1hY2ludG9zaCBIRAAAAAAAAAAAAAAAAAAAAMvhR3BIKwAAAAiVlBhDb21tZW50II1hIG1hcmNoZS5udmhlbHAAAAAAAAAAAAAAAAAAAAAAAAAAAAAAAAAAAAAAAAAAAAAAAAAAAAAACJWYybqUmgAAAAAAAAAAAAUABgAACSAAAAAAAAAAAAAAAAAAAAAMRnJlbmNoLmxwcm9qABAACAAAy+Gp4AAAABEACAAAybr3CgAAAAEAFAAIlZQACJVrAAiUtQAIlJwJL5BBAAIAb01hY2ludG9zaCBIRDpBcHBsaWNhdGlvbnM6AE5vdGF0aW9uYWwgVmVsb2NpdHkuYXBwOgBDb250ZW50czoAUmVzb3VyY2VzOgBGcmVuY2gubHByb2o6AENvbW1lbnQgjWEgbWFyY2hlLm52aGVscAAADgA0ABkAQwBvAG0AbQBlAG4AdAAgAGMDJwBhACAAbQBhAHIAYwBoAGUALgBuAHYAaABlAGwAcAAPABoADABNAGEAYwBpAG4AdABvAHMAaAAgAEgARAASAF9BcHBsaWNhdGlvbnMvTm90YXRpb25hbCBWZWxvY2l0eS5hcHAvQ29udGVudHMvUmVzb3VyY2VzL0ZyZW5jaC5scHJvai9Db21tZW50IGPMp2EgbWFyY2hlLm52aGVscAAAEwABLwD//wAAgAbSGxwdHlokY2xhc3NuYW1lWCRjbGFzc2VzXU5TTXV0YWJsZURhdGGjHR8gVk5TRGF0YVhOU09iamVjdNIbHCIjXE5TRGljdGlvbmFyeaIiIF8QD05TS2V5ZWRBcmNoaXZlctEmJ1Ryb290gAEACAARABoAIwAtADIANwBAAEYATQBVAGAAZwBqAGwAbgBxAHMAdQB3AIQAjgFrAXABeAOKA4wDkQOcA6UDswO3A74DxwPMA9kD3APuA/ED9gAAAAAAAAIBAAAAAAAAACgAAAAAAAAAAAAAAAAAAAP4},
	Bdsk-File-2 = {YnBsaXN0MDDUAQIDBAUGJCVYJHZlcnNpb25YJG9iamVjdHNZJGFyY2hpdmVyVCR0b3ASAAGGoKgHCBMUFRYaIVUkbnVsbNMJCgsMDxJXTlMua2V5c1pOUy5vYmplY3RzViRjbGFzc6INDoACgAOiEBGABIAFgAdccmVsYXRpdmVQYXRoWWFsaWFzRGF0YV8QNS4uLy4uLy4uL1BhcGVycy9OT1RFUy9YdSBhbmQgVGVuZW5iYXVtIDIwMDcgbm90ZXMudHh00hcLGBlXTlMuZGF0YU8RAgIAAAAAAgIAAgAADE1hY2ludG9zaCBIRAAAAAAAAAAAAAAAAAAAANSbbn1IKwAAABYWyR9YdSBhbmQgVGVuZW5iYXVtIDIwMDcgbm90ZXMudHh0AAAAAAAAAAAAAAAAAAAAAAAAAAAAAAAAAAAAAAAAAAAAFhcOyrpQNwAAAAAAAAAAAAMAAwAACSAAAAAAAAAAAAAAAAAAAAAFTk9URVMAABAACAAA1Jve/QAAABEACAAAyrqypwAAAAEAGAAWFskAFg+6ABX5iAAV7p4ACac5AAZiNgACAGNNYWNpbnRvc2ggSEQ6VXNlcnM6AG1vbGx5bGV3aXM6AERvY3VtZW50czoAcmVzZWFyY2g6AFBhcGVyczoATk9URVM6AFh1IGFuZCBUZW5lbmJhdW0gMjAwNyBub3Rlcy50eHQAAA4AQAAfAFgAdQAgAGEAbgBkACAAVABlAG4AZQBuAGIAYQB1AG0AIAAyADAAMAA3ACAAbgBvAHQAZQBzAC4AdAB4AHQADwAaAAwATQBhAGMAaQBuAHQAbwBzAGgAIABIAEQAEgBQVXNlcnMvbW9sbHlsZXdpcy9Eb2N1bWVudHMvcmVzZWFyY2gvUGFwZXJzL05PVEVTL1h1IGFuZCBUZW5lbmJhdW0gMjAwNyBub3Rlcy50eHQAEwABLwAAFQACABH//wAAgAbSGxwdHlokY2xhc3NuYW1lWCRjbGFzc2VzXU5TTXV0YWJsZURhdGGjHR8gVk5TRGF0YVhOU09iamVjdNIbHCIjXE5TRGljdGlvbmFyeaIiIF8QD05TS2V5ZWRBcmNoaXZlctEmJ1Ryb290gAEACAARABoAIwAtADIANwBAAEYATQBVAGAAZwBqAGwAbgBxAHMAdQB3AIQAjgDGAMsA0wLZAtsC4ALrAvQDAgMGAw0DFgMbAygDKwM9A0ADRQAAAAAAAAIBAAAAAAAAACgAAAAAAAAAAAAAAAAAAANH}}

@article{spencer2011learning,
	Author = {Spencer, John P and Perone, Sammy and Smith, Linda B and Samuelson, Larissa K},
	Date-Added = {2017-08-17 20:09:44 +0000},
	Date-Modified = {2017-08-17 20:09:44 +0000},
	Journal = {Psychological science},
	Number = {8},
	Pages = {1049--1057},
	Publisher = {Sage Publications Sage CA: Los Angeles, CA},
	Title = {Learning words in space and time: Probing the mechanisms behind the suspicious-coincidence effect},
	Volume = {22},
	Year = {2011}}
@Manual{R-base,
  title = {R: A Language and Environment for Statistical Computing},
  author = {{R Core Team}},
  organization = {R Foundation for Statistical Computing},
  address = {Vienna, Austria},
  year = {2017},
  url = {https://www.R-project.org/},
}
@Manual{R-bindrcpp,
  title = {bindrcpp: An 'Rcpp' Interface to Active Bindings},
  author = {Kirill Müller},
  year = {2017},
  note = {R package version 0.2},
  url = {https://CRAN.R-project.org/package=bindrcpp},
}
@Manual{R-broom,
  title = {broom: Convert Statistical Analysis Objects into Tidy Data Frames},
  author = {David Robinson},
  year = {2017},
  note = {R package version 0.4.2},
  url = {https://CRAN.R-project.org/package=broom},
}
@Manual{R-compute.es,
  title = {compute.es: Compute Effect Sizes},
  author = {A. C. Del Re},
  journal = {R Package},
  year = {2013},
  url = {http://cran.r-project.org/web/packages/compute.es},
}
@Manual{R-dplyr,
  title = {dplyr: A Grammar of Data Manipulation},
  author = {Hadley Wickham and Romain Francois and Lionel Henry and Kirill Müller},
  year = {2017},
  note = {R package version 0.7.2},
  url = {https://CRAN.R-project.org/package=dplyr},
}
@Manual{R-forcats,
  title = {forcats: Tools for Working with Categorical Variables (Factors)},
  author = {Hadley Wickham},
  year = {2017},
  note = {R package version 0.2.0},
  url = {https://CRAN.R-project.org/package=forcats},
}
@Book{R-ggplot2,
  author = {Hadley Wickham},
  title = {ggplot2: Elegant Graphics for Data Analysis},
  publisher = {Springer-Verlag New York},
  year = {2009},
  isbn = {978-0-387-98140-6},
  url = {http://ggplot2.org},
}
@Article{R-jsonlite,
  title = {The jsonlite Package: A Practical and Consistent Mapping Between JSON Data and R Objects},
  author = {Jeroen Ooms},
  journal = {arXiv:1403.2805 [stat.CO]},
  year = {2014},
  url = {https://arxiv.org/abs/1403.2805},
}
@Book{R-knitr,
  title = {Dynamic Documents with {R} and knitr},
  author = {Yihui Xie},
  publisher = {Chapman and Hall/CRC},
  address = {Boca Raton, Florida},
  year = {2015},
  edition = {2nd},
  note = {ISBN 978-1498716963},
  url = {https://yihui.name/knitr/},
}
@Manual{R-langcog,
  title = {langcog: Language and Cognition Lab Things},
  author = {Mika Braginsky and Dan Yurovsky and Michael Frank},
  note = {R package version 0.1.9001},
  url = {http://github.com/langcog/langcog},
}
@Manual{R-Matrix,
  title = {Matrix: Sparse and Dense Matrix Classes and Methods},
  author = {Douglas Bates and Martin Maechler},
  year = {2017},
  note = {R package version 1.2-10},
  url = {https://CRAN.R-project.org/package=Matrix},
}
@Article{R-metafor,
  title = {Conducting meta-analyses in {R} with the {metafor} package},
  author = {Wolfgang Viechtbauer},
  journal = {Journal of Statistical Software},
  year = {2010},
  volume = {36},
  number = {3},
  pages = {1--48},
  url = {http://www.jstatsoft.org/v36/i03/},
}
@Manual{R-papaja,
  author = {Frederik Aust and Marius Barth},
  title = {{papaja}: {Create} {APA} manuscripts with {R Markdown}},
  year = {2017},
  note = {R package version 0.1.0.9492},
  url = {https://github.com/crsh/papaja},
}
@Manual{R-png,
  title = {png: Read and write PNG images},
  author = {Simon Urbanek},
  year = {2013},
  note = {R package version 0.1-7},
  url = {https://CRAN.R-project.org/package=png},
}
@Manual{R-purrr,
  title = {purrr: Functional Programming Tools},
  author = {Lionel Henry and Hadley Wickham},
  year = {2017},
  note = {R package version 0.2.3},
  url = {https://CRAN.R-project.org/package=purrr},
}
@Manual{R-readr,
  title = {readr: Read Rectangular Text Data},
  author = {Hadley Wickham and Jim Hester and Romain Francois},
  year = {2017},
  note = {R package version 1.1.1},
  url = {https://CRAN.R-project.org/package=readr},
}
@Manual{R-rmarkdown,
  title = {rmarkdown: Dynamic Documents for R},
  author = {JJ Allaire and Joe Cheng and Yihui Xie and Jonathan McPherson and Winston Chang and Jeff Allen and Hadley Wickham and Aron Atkins and Rob Hyndman and Ruben Arslan},
  year = {2017},
  note = {R package version 1.6},
  url = {https://CRAN.R-project.org/package=rmarkdown},
}
@Manual{R-stringr,
  title = {stringr: Simple, Consistent Wrappers for Common String Operations},
  author = {Hadley Wickham},
  year = {2017},
  note = {R package version 1.2.0},
  url = {https://CRAN.R-project.org/package=stringr},
}
@Manual{R-tibble,
  title = {tibble: Simple Data Frames},
  author = {Kirill Müller and Hadley Wickham},
  year = {2017},
  note = {R package version 1.3.3},
  url = {https://CRAN.R-project.org/package=tibble},
}
@Manual{R-tidyr,
  title = {tidyr: Easily Tidy Data with 'spread()' and 'gather()' Functions},
  author = {Hadley Wickham},
  year = {2017},
  note = {R package version 0.6.3},
  url = {https://CRAN.R-project.org/package=tidyr},
}
@Manual{R-tidyverse,
  title = {tidyverse: Easily Install and Load 'Tidyverse' Packages},
  author = {Hadley Wickham},
  year = {2017},
  note = {R package version 1.1.1},
  url = {https://CRAN.R-project.org/package=tidyverse},
}
@Manual{R-kableExtra,
  title = {kableExtra: Construct Complex Table with 'kable' and Pipe Syntax},
  author = {Hao Zhu},
  year = {2017},
  note = {R package version 0.4.0},
  url = {https://CRAN.R-project.org/package=kableExtra},
}
